@online{orlin,
    author    = "James Orlin",
    title     = "Introduction to Integer Programming: Integer Programming Models.",
    year      = 2013,
    url       = "https://ocw.mit.edu/courses/sloan-school-of-management/15-053-optimization-methods-in-management-science-spring-2013/index.htm",
    urldate = {2016-12-05}
}