@book{Jevons85:Money,
  title={Money and the Mechanism of Exchange},
  author={Jevons, William Stanley},
  volume={17},
  year={1885},
  publisher={Appleton, London},
}
